@book{warnow2017computational,
  title={Computational phylogenetics: an introduction to designing methods for phylogeny estimation},
  author={Warnow, Tandy},
  year={2017},
  publisher={Cambridge University Press}
}