@book{warnow2017computational,
  title={Computational phylogenetics: an introduction to designing methods for phylogeny estimation},
  author={Warnow, Tandy},
  year={2017},
  publisher={Cambridge University Press}
}
@article{FastRFS,
  title={FastRFS: fast and accurate Robinson-Foulds Supertrees using constrained exact optimization},
  author={Vachaspati, Pranjal and Warnow, Tandy},
  journal={Bioinformatics},
  volume={33},
  number={5},
  pages={631--639},
  year={2016},
  publisher={Oxford University Press}
}

@article{RF,
  title={Comparison of phylogenetic trees},
  author={Robinson, David F and Foulds, Leslie R},
  journal={Mathematical biosciences},
  volume={53},
  number={1-2},
  pages={131--147},
  year={1981},
  publisher={Elsevier}
}

@article{RFS,
  title={Robinson-foulds supertrees},
  author={Bansal, Mukul S and Burleigh, J Gordon and Eulenstein, Oliver and Fern{\'a}ndez-Baca, David},
  journal={Algorithms for molecular biology},
  volume={5},
  number={1},
  pages={18},
  year={2010},
  publisher={BioMed Central}
}

@article{MRP,
  title={Combining trees as a way of combining data sets for phylogenetic inference, and the desirability of combining gene trees},
  author={Baum, Bernard R},
  journal={Taxon},
  pages={3--10},
  year={1992},
  publisher={JSTOR}
}

@article{MRPRagan,
  title={Phylogenetic inference based on matrix representation of trees},
  author={Ragan, Mark A},
  journal={Molecular phylogenetics and evolution},
  volume={1},
  number={1},
  pages={53--58},
  year={1992},
  publisher={Elsevier}
}


@article{MRL,
  title={MRL and SuperFine+ MRL: new supertree methods},
  author={Nguyen, Nam and Mirarab, Siavash and Warnow, Tandy},
  journal={Algorithms for Molecular Biology},
  volume={7},
  number={1},
  pages={3},
  year={2012},
  publisher={BioMed Central}
}


@article{QMaxCut,
  title={Quartets MaxCut: a divide and conquer quartets algorithm},
  author={Snir, Sagi and Rao, Satish},
  journal={IEEE/ACM Transactions on Computational Biology and Bioinformatics (TCBB)},
  volume={7},
  number={4},
  pages={704--718},
  year={2010},
  publisher={IEEE Computer Society Press}
}
@article{MinCut,
  title={A supertree method for rooted trees},
  author={Semple, Charles and Steel, Mike},
  journal={Discrete Applied Mathematics},
  volume={105},
  number={1-3},
  pages={147--158},
  year={2000},
  publisher={Elsevier}
}


@article{BCD,
  title={Bad Clade Deletion supertrees: a fast and accurate supertree algorithm},
  author={Fleischauer, Markus and B{\"o}cker, Sebastian},
  journal={Molecular biology and evolution},
  volume={34},
  number={9},
  pages={2408--2421},
  year={2017},
  publisher={Oxford University Press}
}
@article{RFSunrooted,
  title={Fast local search for unrooted Robinson-Foulds supertrees},
  author={Chaudhary, Ruchi and Burleigh, J Gordon and Fernandez-Baca, David},
  journal={IEEE/ACM Transactions on Computational Biology and Bioinformatics (TCBB)},
  volume={9},
  number={4},
  pages={1004--1013},
  year={2012},
  publisher={IEEE Computer Society Press}
}

@article{phylogenycharacter,
  title={The role of phylogenetics in comparative genetics},
  author={Soltis, Douglas E and Soltis, Pamela S},
  journal={Plant Physiology},
  volume={132},
  number={4},
  pages={1790--1800},
  year={2003},
  publisher={Am Soc Plant Biol}
}

@article{phylogenymedicine,
  title={Evolutionary medicine: a meaningful connection between omics, disease, and treatment},
  author={Abu-Asab, Mones and Chaouchi, Mohamed and Amri, Hakima},
  journal={PROTEOMICS--Clinical Applications},
  volume={2},
  number={2},
  pages={122--134},
  year={2008},
  publisher={Wiley Online Library}
}

@book{phylogenyconservation,
  title={Phylogeny and conservation},
  author={Purvis, Andrew and Gittleman, John L and Brooks, Thomas},
  year={2005},
  publisher={Cambridge University Press}
}

@incollection{RFScomplexity,
  title={The complexity of the median procedure for binary trees},
  author={McMorris, FR and Steel, Michael A},
  booktitle={New Approaches in Classification and Data Analysis},
  pages={136--140},
  year={1994},
  publisher={Springer}
}

@article{MLS,
  title={Maximum likelihood supertrees},
  author={Steel, Mike and Rodrigo, Allen},
  journal={Systematic biology},
  volume={57},
  number={2},
  pages={243--250},
  year={2008},
  publisher={Taylor \& Francis}
}